<?xml version="1.0" encoding="UTF-8"?><collection xmlns="http://www.loc.gov/MARC21/slim"><record><leader>00482nam--2200181-i-4500</leader><controlfield tag="001">000023311</controlfield><controlfield tag="002">20161230</controlfield><controlfield tag="005">20161230201035</controlfield><controlfield tag="008">060222s1000------------r-----000-0-eng-d</controlfield><datafield ind1=" " ind2=" " tag="040"><subfield code="a">IFIN-HH</subfield></datafield><datafield ind1=" " ind2=" " tag="080"><subfield code="a">539.12</subfield></datafield><datafield ind1="1" ind2=" " tag="100"><subfield code="a">Hughes, I.S</subfield></datafield><datafield ind1="1" ind2="0" tag="245"><subfield code="a">Elementary particles</subfield><subfield code="c">I.s. hughes</subfield></datafield><datafield ind1=" " ind2=" " tag="260"><subfield code="a">London</subfield><subfield code="b">Compton Printing Ltd</subfield><subfield code="c">1972</subfield></datafield><datafield ind1=" " ind2=" " tag="300"><subfield code="a">254P</subfield></datafield><datafield ind1=" " ind2=" " tag="490"><subfield code="a">Penguin Books. Penguin Library Of Physical Sceinces</subfield></datafield><datafield ind1=" " ind2=" " tag="852"><subfield code="a">39061</subfield><subfield code="c">539.12</subfield></datafield><datafield ind1=" " ind2=" " tag="CAT"><subfield code="a">Sys</subfield><subfield code="c">20111123</subfield><subfield code="h">122922</subfield></datafield></record></collection>